@article{key,
  author    = {Author Name and Coauthor Name},
  title     = {Title of the Journal Article},
  journal   = {Journal Name},
  year      = {Year},
  volume    = {Volume Number},
  number    = {Issue Number},
  pages     = {Page Range},
  doi       = {DOI Number},
}
@book{key,
  author    = {Author Name},
  title     = {Title of the Book},
  publisher = {Publisher Name},
  year      = {Year},
  edition   = {Edition (if applicable)},
  address   = {Publisher's Address (optional)},
}
@misc{key,
  author       = {Author Name},
  title        = {Title of the Webpage},
  year         = {Year (or n.d. for no date)},
  url          = {URL},
  note         = {Accessed: Date of Access},
}
@misc{key,
  author       = {Author Name or Organization},
  title        = {Title of the Software},
  year         = {Year},
  url          = {URL},
  note         = {Version, platform, or other relevant details},
}
\\\\\\\\\\ Examples above \\\\\\\\\\\\\\\
\\\\ See section 1.1 for an example of how to cite ( I think)

@misc{movieCredibility,
author = {
    Min-Seon Kim, 
    Bo-Young Lim, 
    Han-Sub Shin, 
    Hyuk-Yoon Kwon
},
  title        = {Historical credibility for movie reviews and its application to weakly supervised classification},
  year         = {2022},
  url          = {https://www.sciencedirect.com/science/article/pii/S002002552300155X},
  note         = {Accessed: 2024 - 09 - 20}
}

@article{influenceCustomers,
  author    = {Jacob R. Pentheny},
  title     = {The Influence of Movie Reviews on Customers},
  journal   = {Honors Theses and Capstones},
  year      = {2015}
}

@misc{adamOptimizerGFG,
  author       = {User: prakharr0y},
  title        = {What is Adam Optimizer?},
  year         = {2024},
  url          = {https://www.geeksforgeeks.org/adam-optimizer/},
  note         = {Accessed: 2024 - 09 - 20},
}
